@Manual{Mati2020a,
    title = {EviewsR: A Seamless Integration of {EViews} and {R}},
    author = {Sagiru Mati},
    year = {2020},
    note = {R package version 0.1.5},
    url = {https://CRAN.R-project.org/package=EviewsR},
  }

 @Article{Mati2020,
    title = {DynareR: Bringing the Power of Dynare to {R, R Markdown, and
Quarto}},
    author = {Sagiru Mati},
    year = {2020},
    journal = {CRAN},
    url = {https://CRAN.R-project.org/package=DynareR},
  }

 @Manual{Mati2020b,
    title = {gretlR: A Seamless Integration of {Gretl} and {R}},
    author = {Sagiru Mati},
    year = {2020},
    note = {R package version 0.1.4},
    url = {https://CRAN.R-project.org/package=gretlR},
  }

@Article{Mati2023,
  author    = {Mati, Sagiru and Civcir, Irfan and Abba, S. I.},
  journal   = {The R Journal},
  title     = {{EviewsR}: An R Package for Dynamic and Reproducible Research Using {EViews}, R, R Markdown and Quarto},
  year      = {2023},
  month     = {nov},
  number    = {2},
  pages     = {169--205},
  volume    = {15},
  doi       = {10.32614/rj-2023-045},
  publisher = {The R Foundation},
}

 @Manual{Mati2023a,
    title = {{URooTab}: Tabular Reporting of {EViews} Unit Root Tests},
    author = {Sagiru Mati},
    year = {2023},
    note = {R package version 0.1.0},
    url = {https://github.com/sagirumati/URooTab},
  }


@article{mati2022eviewsr,
  title={Package ‘EviewsR’},
   url={https://cran.r-project.org/web/packages/EviewsR/EviewsR.pdf},
  author={Mati, Sagiru},
  year={2022}
}


@article{mati2022dynarer,
  title={Package ‘DynareR’},
  author={Mati, Sagiru},
   url={https://cran.r-project.org/web/packages/DynareR/DynareR.pdf},
  year={2022}
}

@article{mati2022gretlr,
  title={Package ‘gretlR’},
  author={Mati, Sagiru},
  url={https://cran.r-project.org/web/packages/gretlR/gretlR.pdf},
  year={2022}
}

@article{mati2023urootab,
  title={Package ‘URooTab’},
  author={Mati, Sagiru},
  year={2023},
  url={https://cran.r-project.org/web/packages/URooTab/URooTab.pdf}
}

@Comment{jabref-meta: databaseType:bibtex;}
